<collection xmlns="http://www.loc.gov/MARC21/slim"><record><leader>00839nam  2200253   450</leader><controlfield tag="001">116</controlfield><controlfield tag="003">http://montalegre.opacnet.com/OPAC/default.aspx?ContentAreaControl=ShowRegHoldings.ascx&amp;RegNo=16662</controlfield><controlfield tag="005">19</controlfield><datafield tag="095" ind1=" " ind2=" "><subfield code="a">PTBN00037382</subfield></datafield><datafield tag="100" ind1=" " ind2=" "><subfield code="a">19820517d1982    m  y0pory0103    ba</subfield></datafield><datafield tag="101" ind1="1" ind2=" "><subfield code="a">por</subfield></datafield><datafield tag="102" ind1=" " ind2=" "><subfield code="a">PT</subfield></datafield><datafield tag="105" ind1=" " ind2=" "><subfield code="a">a   z   000zy</subfield></datafield><datafield tag="106" ind1=" " ind2=" "><subfield code="a">r</subfield></datafield><datafield tag="200" ind1="1" ind2=" "><subfield code="a">Decâmeron</subfield><subfield code="f">Giovanni Boccaccio</subfield><subfield code="g">trad. Fernando Melro</subfield></datafield><datafield tag="210" ind1=" " ind2=" "><subfield code="a">Mem Martins</subfield><subfield code="c">Europa-América</subfield><subfield code="d">[D.L. 1982]</subfield></datafield><datafield tag="215" ind1=" " ind2=" "><subfield code="a">2 v.</subfield><subfield code="d">18 cm</subfield></datafield><datafield tag="225" ind1="2" ind2=" "><subfield code="a">Livros de bolso Europa-América</subfield><subfield code="v">309, 320</subfield></datafield><datafield tag="675" ind1=" " ind2=" "><subfield code="a">821</subfield><subfield code="v">BN</subfield><subfield code="z">por</subfield><subfield code="3">288435</subfield></datafield><datafield tag="700" ind1=" " ind2="1"><subfield code="a">Boccaccio</subfield><subfield code="b">Giovanni</subfield><subfield code="f">1313-1375</subfield><subfield code="3">10685</subfield></datafield><datafield tag="702" ind1=" " ind2="1"><subfield code="a">Melro</subfield><subfield code="b">Fernando</subfield><subfield code="4">730</subfield><subfield code="3">78469</subfield></datafield><datafield tag="801" ind1=" " ind2="0"><subfield code="a">PT</subfield><subfield code="b">Biblioteca Municipal de Montalegre</subfield><subfield code="g">RPC</subfield></datafield><datafield tag="856" ind1=" " ind2=" "><subfield code="u">locateMedia.asp?cod=20060509101950&amp;ext=jpg</subfield><subfield code="z">CAPA</subfield></datafield><datafield tag="909" ind1="&#9;" ind2=" "><subfield code="a">2</subfield></datafield><datafield tag="966" ind1=" " ind2=" "><subfield code="a">0005171</subfield><subfield code="l">BMM</subfield><subfield code="s">SCG 821 BOC dec 320</subfield></datafield><datafield tag="966" ind1=" " ind2=" "><subfield code="a">0005172</subfield><subfield code="l">BMM</subfield><subfield code="s">SCG 821 BOC dec 320</subfield></datafield></record></collection>